@article{journal3,
author = {Noumeir, R. and Pambrun, J.F. },
journal = {Journal of Digital Imaging},
publisher = {Springer Science},
title = {{Teaching DICOM by Problem Solving.}},
year = {2012}
}

@article{journal1 ,
title = {Using JPEG 2000 Interactive Protocol to Stream a Large Image or a Large Image Set},
journal = {Journal of Digital Imaging},
publisher = {Springer Science},
author = {Noumeir, R. and Pambrun, J.F. },
year = {2010},
}

% @article{journal2 ,
% title = {Streaming of medical images using JPEG2000 interactive protocol},
% journal = {International Journal of Innovative Computing and Applications},
% author = {Pambrun, J.F. and Noumeir, R.},
% year = {2012},
% }

@article{journal4,
  year  = {2015},
  publisher = {Springer Science},
  author = {Pambrun, J.F. and Noumeir, R. },
  title = {{Computed Tomography Image Compressibility and Limitations of Compression Ratio-Based Guidelines}},
  journal = {Journal of Digital Imaging},
}

@article{journal5,
  title={The utilization of MRI in the operating room},
  author={M{\'e}nard, C and Pambrun, J-F and Kadoury, S},
  journal={Brachytherapy},
  year={2017},
  publisher={Elsevier}
}

@article{journal6,
  title={Deep Learning Body Region Classification of MRI and CT Examinations},
  author={Raffy, P. and Pambrun, J.F. and Kumar, A. and Dubois, D. and Patti, J. and Cairns, R. and Young, R.},
  journal={Journal of Digital Imaging},
  year={2023},
  publisher={Springer}
}

@inproceedings{conf1,
title = {Interoperability testing of integration profiles based on HL7 standard version 3},
BOOKTITLE = {IEEE International Conference on Information Technology and Applications in Biomedicine},
author = {Pambrun, J.F. and Noumeir, R. },
year = {2010},
}

% @inproceedings{conf2,
% title = {Hands-on Approach for Teaching HL7 version 3},
% BOOKTITLE = {IEEE International Conference on Information Technology and Applications in Biomedicine},
% author = {Noumeir, R. and Pambrun, J.F. },
% year = {2010},
% }

@inproceedings{conf3,
title = {Streaming of Medical Images Using JPEG 2000 Interactive Protocol},
BOOKTITLE = {IEEE International Conference on Systems, Signals and Image Processing. },
author = {Noumeir, R. and Pambrun, J.F. },
year = {2010},
}

% @inproceedings{conf4,
% title = {Interoperability Testing Software for Sharing Medical Documents and Images},
% BOOKTITLE = {IEEE International Conference on Internet and Web Applications and Services. },
% author = {Berube, R. and Pambrun, J.F and Noumeir, R.},
% year = {2010},
% }

@inproceedings{conf5,
title = {Images within the Electronic Health Record},
BOOKTITLE = {IEEE International Conference on Image Processing.},
author = {Noumeir, R. and Pambrun, J.F. },
year = {2009},
}


@inproceedings{conf6,
author = {Pambrun, J.F. and Noumeir, R. },
BOOKTITLE = {IEEE International Conference on Multimedia and Expo},
title = {{Perceptual quantitative quality assessment of JPEG2000 compressed ct images with various slice thicknesses}},
year = {2011}
}

% @inproceedings{conf7,
% author = {Noumeir, R. and Pambrun, J.F. },
% BOOKTITLE = {IEEE-EMBS International Conference on Biomedical and Health Informatics},
% title = {{Learning DICOM by solving real clinical problems}},
% year = {2012}
% }

@inproceedings{conf8,
author = {Pambrun, J.F. and Noumeir, R. },
BOOKTITLE = {IEEE International Conference on Image Processing (ICIP)},
title = {{Limitations of the SSIM quality metric in the context of diagnostic imaging}},
year = {2015}
}

@INPROCEEDINGS{conf11,
author={Pambrun, J.F. and Noumeir, R.},
booktitle={IEEE International Conference of the Engineering in Medicine and Biology Society (EMBC)},
title={Compressibility variations of JPEG2000 compressed computed tomography},
year={2013},
}



@techreport{tech1,
title = {JPIP Test System},
type = {Canada Health Infoway, Gouvernement du Quebec},
author = {Noumeir, R. and Pambrun, J.F. },
year = {2010},
}

@techreport{tech2,
title = {Testing tools for PIX / PDQ v3},
type = {Canada Health Infoway},
author = {Noumeir, R. and Pambrun, J.F. },
year = {2010},
}



% @patent{patent1,
%   author = "Pambrun J.F.",
%   title = "Efficient streaming for client-side medical rendering applications based on user interactions",
%   nationality = "United States",
%   number = "20230036480",
% %  day = "7",
% %  month = Mar,
%   year = "penting",
% %  url = "https://www.google.com/patents/US174465"
% }
% 
% 
% @patent{patent2,
%   author = "Raffy, P. and Pambrun, J.F. and Dubois, D. and Kumar, A.",
%   title = "Selection of health care data storage policy based on historical data storage patterns and/or patient characteristics using an artificial intelligence engine",
%   nationality = "United States",
%   number = "11868613",
%   day = "9",
%   month = Jan,
%   year = "2024"
% %  url = "https://www.google.com/patents/US174465"
% }


@misc{patent1,
  author = "Pambrun J.F.",
  title = "Efficient streaming for client-side medical rendering applications based on user interactions",
  year = {US 20230036480, pending},
}


@misc{patent2,
  author = "Raffy, P. and Pambrun, J.F. and Dubois, D. and Kumar, A.",
  title = "Selection of health care data storage policy based on historical data storage patterns and/or patient characteristics using an artificial intelligence engine",
  year = {US 11868613, Jan. 2024}
}
